@article{Hevner2004,
author = {Hevner, A. R. and March, S. T. and Park, J. and Ram, S.},
year = {2004},
month = {03},
pages = {75-},
title = {Design Science in Information Systems Research},
volume = {28},
journal = {Management Information Systems Quarterly}
}

@article{Sein2011,
author = {Sein, Maung and Henfridsson, Ola and Purao, Sandeep and Rossi, Matti and Lindgren, Rikard},
year = {2011},
month = {03},
pages = {37-56},
title = {Action Design Research},
volume = {35},
journal = {Management Information Systems Quarterly},
doi = {10.2307/23043488}
}

@article{Versloot2019,
           month = {08},
            year = {2019},
           title = {Amplifying the Analyst: Machine Learning Approaches for Buried Utility Characterization},
          author = {Versloot, C. W. A.},
             url = {http://essay.utwente.nl/79045/},
}


@article{Jahanshahi2012,
author = {Jahanshahi, Mohammad and Jazizadeh, Farrokh and Masri, Sami and Becerik-Gerber, Burcin},
year = {2012},
month = {08},
pages = {},
title = {An Unsupervised Approach for Autonomous Pavement Defect Detection and Quantification Using an Inexpensive Depth Sensor},
volume = {27},
journal = {Journal of Computing in Civil Engineering},
doi = {10.1061/(ASCE)CP.1943-5487.0000245}
}

@inproceedings{Chatterjee2018,
author = {Chatterjee, Sromona and Saeedfar, Pouya and Tofangchi, Schahin and Kolbe, Lutz},
year = {2018},
month = {06},
pages = {},
title = {INTELLIGENT ROAD MAINTENANCE: A MACHINE LEARNING APPROACH FOR SURFACE DEFECT DETECTION}
}

@inproceedings{Zhang2016,
author = {Zhang, Lei and Yang, Fan and Zhang, Yimin and Zhu, Ying},
year = {2016},
month = {09},
pages = {},
title = {Road crack detection using deep convolutional neural network},
doi = {10.1109/ICIP.2016.7533052}
}

@article{Zhang2017,
author = {Zhang, Allen and Wang, Kelvin and Li, Baoxian and Yang, Enhui and Dai, Xianxing and yi, Peng and Fei, Yue and Liu, Yang and Li, Joshua and Chen, Cheng},
year = {2017},
month = {08},
pages = {},
title = {Automated Pixel-Level Pavement Crack Detection on 3D Asphalt Surfaces Using a Deep-Learning Network: Pixel-level pavement crack detection on 3D asphalt surfaces},
volume = {32},
journal = {Computer-Aided Civil and Infrastructure Engineering},
doi = {10.1111/mice.12297}
}

@article{Maeda2018,
author = {Maeda, Hiroya and Sekimoto, Yoshihide and Seto, Toshikazu and Kashiyama, Takehiro and Omata, Hiroshi},
year = {2018},
month = {06},
pages = {},
title = {Road Damage Detection and Classification Using Deep Neural Networks with Smartphone Images: Road damage detection and classification},
volume = {33},
journal = {Computer-Aided Civil and Infrastructure Engineering},
doi = {10.1111/mice.12387}
}

@inproceedings{Arya2020-transfer,
author = {Arya, Deeksha and Maeda, Hiroya and Ghosh, Sanjay and Toshniwal, Durga and Mraz, Alexander and Kashiyama, Takehiro and Sekimoto, Yoshihide},
year = {2020},
month = {08},
pages = {},
title = {Transfer Learning-based Road Damage Detection for Multiple Countries}
}

@article{Maeda2020,
author = {Maeda, Hiroya and Kashiyama, Takehiro and Sekimoto, Yoshihide and Seto, Toshikazu and Omata, Hiroshi},
year = {2020},
month = {06},
pages = {},
title = {Generative adversarial network for road damage detection},
volume = {36},
journal = {Computer-Aided Civil and Infrastructure Engineering},
doi = {10.1111/mice.12561}
}

@inproceedings{Arya2020-competition,
author = {Arya, Deeksha and Maeda, Hiroya and Ghosh, Sanjay and Toshniwal, Durga and Omata, Hiroshi and Kashiyama, Takehiro and Sekimoto, Yoshihide},
year = {2020},
month = {11},
pages = {},
title = {Global Road Damage Detection: State-of-the-art Solutions}
}

@article{Dung2018,
author = {Dung, Cao and Le Duc, Anh},
year = {2018},
month = {12},
pages = {52-58},
title = {Autonomous concrete crack detection using deep fully convolutional neural network},
volume = {99},
journal = {Automation in Construction},
doi = {10.1016/j.autcon.2018.11.028}
}

@article{Bang2019,
author = {Bang, Seongdeok and Kim, Hongjo and Kim, Hyoungkwan},
year = {2019},
month = {02},
pages = {},
title = {Encoder-decoder network for pixel-level road crack detection in black-box images},
volume = {34},
journal = {Computer-Aided Civil and Infrastructure Engineering},
doi = {10.1111/mice.12440}
}

@online{Residense2020,
  author = {Startup in Residence},
  title = {Startup in Residence Overijssel},
  year = 2020,
  url = {https://startupinresidence.com/overijssel/},
  urldate = {2021-03-01}
}

@article{Sayers1986,
author = {M.W. Sayers and T.D. Gillespie and W.D.O. Paterson},
year = {1986},
month = {},
pages = {},
title = {Guidelines for conducting and calibrating road roughness measurements},
journal = {World Bank Technical Paper Number 46},
}

@article{ISO8608,
author = {{ISO 8608}},
year = {1995},
month = {},
pages = {},
title = {Mechanical vibration–Road surface profiles–Reporting of measured data},
journal = {International Standards Organisation},
}

@article{ISO11898,
author = {{ISO 11898}},
year = {2015},
month = {},
pages = {},
title = {Road vehicles — Controller area network (CAN)},
journal = {International Standards Organisation},
}



@article{Hanson2014,
author = {Hanson, Trevor and Cameron, Coady and Hildebrand, Eric},
year = {2014},
month = {09},
pages = {819-827},
title = {Evaluation of low-cost consumer-level mobile phone technology for measuring international roughness index (IRI) values},
volume = {41},
journal = {Canadian Journal of Civil Engineering},
doi = {10.1139/cjce-2014-0183}
}

@article{Buttlar2014,
author = {Buttlar, William and Islam, Shahidul},
year = {2014},
month = {11},
pages = {},
title = {Integration of Smart-Phone-Based Pavement Roughness Data Collection Tool with Asset Management System}
}

@article{Gupta2020,
author = {Gupta, Abhishek and Hu, Shaohan and Zhong, Weida and Sadek, Adel and Su, Lu and Qiao, Chunming},
year = {2020},
month = {06},
pages = {},
title = {Road Grade Estimation Using Crowd-Sourced Smartphone Data}
}

@article{Lekshmipathy2020,
author = {Lekshmipathy, Janani and Velayudhan, Sunitha and Mathew, Samson},
year = {2020},
month = {01},
pages = {1-14},
title = {Influence of surface distresses on smartphone-based pavement roughness evaluation},
journal = {International Journal of Pavement Engineering},
doi = {10.1080/10298436.2020.1714045}
}

@article{Jeong2020,
author = {Jeong, Jonghyun and Jo, Hongki and Ditzler, Gregory},
year = {2020},
month = {03},
pages = {},
title = {Convolutional neural networks for pavement roughness assessment using calibration-free vehicle dynamics},
volume = {35},
journal = {Computer-Aided Civil and Infrastructure Engineering},
doi = {10.1111/mice.12546}
}


@online{MP2020,
  author = {{M+P}},
  title = {{CPX} Measurements},
  year = {2020},
  url = {https://mp.nl/en/solution/cpx-measurements},
  urldate = {2021-03-11}
}

@online{EU2002,
  author = {{European Parliament}},
  title = {{Directive 2002/49/EC}},
  year = {2002},
  url = {https://eur-lex.europa.eu/legal-content/EN/TXT/?uri=CELEX:32002L0049},
  urldate = {2021-03-11}
}

@online{EU1998,
  author = {{European Parliament}},
  title = {{Directive 98/69/EC}},
  year = {1998},
  url = {https://eur-lex.europa.eu/legal-content/en/ALL/?uri=CELEX:31998L0069},
  urldate = {2021-03-15}
}

@article{Hauwermeiren2021,
title = {Opportunistic monitoring of pavements for noise labeling and mitigation with machine learning},
journal = {Transportation Research Part D: Transport and Environment},
volume = {90},
pages = {102636},
year = {2021},
doi = {https://doi.org/10.1016/j.trd.2020.102636},
author = {Wout {Van Hauwermeiren} and Karlo Filipan and Dick Botteldooren and Bert {De Coensel}},
}

@article{Hauwermeiren2019,
author = {Wout {Van Hauwermeiren} and Karlo Filipan and Dick Botteldooren and Bert {De Coensel}},
title = {Assessing Road Pavement Quality Based on Opportunistic In-Car Sound and Vibration Monitoring},
journal = {26th International congress on Sound and Vibration},
volume = {},
pages = {},
year = {2019},
url = {https://biblio.ugent.be/publication/8630738/file/8631289},
urldate = {2021-03-11}
}

@article{Baltrusaitis2017,
author = {Baltrusaitis, Tadas and Ahuja, Chaitanya and Morency, Louis-Philippe},
year = {2017},
month = {05},
pages = {},
title = {Multimodal Machine Learning: A Survey and Taxonomy},
volume = {PP},
journal = {IEEE Transactions on Pattern Analysis and Machine Intelligence},
doi = {10.1109/TPAMI.2018.2798607}
}

@inproceedings{Ngiam2011,
author = {Ngiam, Jiquan and Khosla, Aditya and Kim, Mingyu and Nam, Juhan and Lee, Honglak and Ng, Andrew},
year = {2011},
month = {01},
pages = {689-696},
title = {Multimodal Deep Learning},
journal = {Proceedings of the 28th International Conference on Machine Learning, ICML 2011}
}

@article{McGurk1976,
author = {McGurk, Harry and MacDonald, John},
year = {1976},
month = {12},
pages = {746-8},
title = {Hearing Lips and Seeing Voices},
volume = {264},
journal = {Nature},
doi = {10.1038/264746a0}
}

@inproceedings{Eitel2015,
author = {Eitel, Andreas and Springenberg, Jost and Spinello, Luciano and Riedmiller, Martin and Burgard, Wolfram},
year = {2015},
month = {09},
pages = {681-687},
title = {Multimodal deep learning for robust RGB-D object recognition},
doi = {10.1109/IROS.2015.7353446}
}

@article{Noda2014,
author = {Noda, Kuniaki and Yamaguchi, Yuki and Nakadai, Kazuhiro and Okuno, Hiroshi and Ogata, Tetsuya},
year = {2014},
month = {12},
pages = {},
title = {Audio-visual speech recognition using deep learning},
volume = {42},
journal = {Applied Intelligence},
doi = {10.1007/s10489-014-0629-7}
}

@inproceedings{Ma2015,
author = {Ma, Lin and Lu, Zhengdong and Shang, Lifeng and Li, Hang},
year = {2015},
month = {12},
pages = {2623-2631},
title = {Multimodal Convolutional Neural Networks for Matching Image and Sentence},
doi = {10.1109/ICCV.2015.301}
}

@unknown{Sindagi2019,
author = {Sindagi, Vishwanath and Zhou, Yin and Tuzel, Oncel},
year = {2019},
month = {04},
pages = {},
title = {MVX-Net: Multimodal VoxelNet for 3D Object Detection}
}

@article{Xu2017,
author = {Xu, Xiangyang and Li, Yuncheng and Wu, Gangshan and Luo, Jiebo},
year = {2017},
month = {07},
pages = {},
title = {Multi-modal Deep Feature Learning for RGB-D Object Detection},
volume = {72},
journal = {Pattern Recognition},
doi = {10.1016/j.patcog.2017.07.026}
}

@article{Che2021,
title = {Longitudinal tear detection method of conveyor belt based on audio-visual fusion},
journal = {Measurement},
volume = {176},
pages = {109152},
year = {2021},
issn = {0263-2241},
doi = {https://doi.org/10.1016/j.measurement.2021.109152},
url = {https://www.sciencedirect.com/science/article/pii/S0263224121001767},
author = {Jian Che and Tiezhu Qiao and Yi Yang and Haitao Zhang and Yusong Pang},
}

@article{Brossard2020,
author = {Brossard, Martin and Barrau, Axel and Bonnabel, Silvère},
year = {2020},
month = {03},
pages = {1-1},
title = {AI-IMU Dead-Reckoning},
volume = {PP},
doi = {10.1109/TIV.2020.2980758}
}

@article{Jiang2017,
author = {Jiang, Wenchao and Yin, Zhaozheng},
year = {2017},
month = {03},
pages = {},
title = {Combining Passive Visual Cameras and Active IMU Sensors for Persistent Pedestrian Tracking},
volume = {48},
journal = {Journal of Visual Communication and Image Representation},
doi = {10.1016/j.jvcir.2017.03.015}
}

@article{Olivan2018,
author = {Diez-Olivan, Alberto and Del Ser, Javier and Galar, Diego and Sierra, Basilio},
year = {2018},
month = {10},
pages = {},
title = {Data Fusion and Machine Learning for Industrial Prognosis: Trends and Perspectives towards Industry 4.0},
volume = {50},
journal = {Information Fusion},
doi = {10.1016/j.inffus.2018.10.005}
}

@article{Li2016,
author = {Li, Chuan and Sánchez, René and Zurita, Grover and Cerrada, Mariela and Cabrera, Diego and Vasquez, Rafael},
year = {2016},
month = {02},
pages = {},
title = {Gearbox fault diagnosis based on deep random forest fusion of acoustic and vibratory signals},
volume = {76},
journal = {Mechanical Systems and Signal Processing},
doi = {10.1016/j.ymssp.2016.02.007}
}