
@online{Wegenwet,
  author = {Rijksoverheid},
  title = {artikel 15 van de Wegenwet},
  year = {1932},
  url = {http://wetten.overheid.nl/jci1.3:c:BWBR0001948&hoofdstuk=IV&artikel=15},
  urldate = {2021-03-15}
}

@online{Horus,
author={Horus},
year={2021},
title={{The Horus Geo Suite}},
url = {https://horus.nu/horus-geo-suite/},
urldate = {2021-02-15}
}

@online{Pavement,
author={{Pavement Interactive}},
year={2021},
title={{Pavement Distresses}},
url = {https://pavementinteractive.org/reference-desk/pavement-management/pavement-distresses/},
urldate = {2021-04-08}
}

@online{science-direct,
author={{Elsevier}},
title={{Explore scientific, technical, and medical research on ScienceDirect}},
url = {https://www.sciencedirect.com},
year = {-}
}

@online{scholar,
author={{Google}},
title={{Google Scholar}},
url = {https://scholar.google.com},
year = {-}
}

@online{paperswithcode,
author={{Papers with Code}},
title={{The latest in Machine Learning}},
url = {https://paperswithcode.com},
year = {-}
}


@online{AutoPi,
author={{AutoPi}},
year={2021},
title={{Presenting the AutoPi Telematics Unit (TMU) Pi3 3rd Generation device}},
url = {https://www.autopi.io/hardware-dongle/generation-three/},
urldate = {2021-03-15}
}
